@misc{pythonwebsite,
    author    = "Python Software Foundation ",
    title     = "Welcome to Python.org",
    url       = "https://www.python.org/"
}

@misc{projecteuler,
    author    = "Project Euler",
    title     = "Project Euler",
    url       = "https://projecteuler.net/"
}